<?xml version="1.0"?>
<marc:records xmlns:marc="http://www.loc.gov/MARC21/slim" xmlns:xsi="http://www.w3.org/2001/XMLSchema-instance" xsi:schemaLocation="http://www.loc.gov/MARC21/slim http://www.loc.gov/standards/marcxml/schema/MARC21slim.xsd">
  <marc:record>
    <marc:leader>03110cam a2200493Ia 4500</marc:leader>
    <marc:controlfield tag="001">9977642241503681</marc:controlfield>
    <marc:controlfield tag="005">20200206113240.0</marc:controlfield>
    <marc:controlfield tag="008">191218q17001799xx       d    000 0 per d</marc:controlfield>
    <marc:datafield ind1=" " ind2=" " tag="035">
  <marc:subfield code="a">(OCoLC)1131862095</marc:subfield>
</marc:datafield>
    <marc:datafield ind1=" " ind2=" " tag="035">
  <marc:subfield code="a">(OCoLC)on1131862095</marc:subfield>
</marc:datafield>
    <marc:datafield ind1=" " ind2=" " tag="040">
  <marc:subfield code="a">PAU</marc:subfield>
  <marc:subfield code="b">eng</marc:subfield>
  <marc:subfield code="c">PAU</marc:subfield>
  <marc:subfield code="e">amremm</marc:subfield>
  <marc:subfield code="d">PAU</marc:subfield>
</marc:datafield>
    <marc:datafield ind1="1" ind2=" " tag="041">
  <marc:subfield code="a">per</marc:subfield>
  <marc:subfield code="a">ara</marc:subfield>
</marc:datafield>
    <marc:datafield ind1=" " ind2="9" tag="099">
  <marc:subfield code="a">CAJS Rar Ms 213</marc:subfield>
</marc:datafield>
    <marc:datafield ind1="1" ind2=" " tag="100">
  <marc:subfield code="6">880-01</marc:subfield>
  <marc:subfield code="a">Fara&#x304;hi&#x304;, Abu&#x304; Nas&#x323;r Muh&#x323;ammad Badr al-Di&#x304;n.</marc:subfield>
</marc:datafield>
    <marc:datafield ind1="1" ind2="0" tag="245">
  <marc:subfield code="6">880-02</marc:subfield>
  <marc:subfield code="a">[Nis&#x323;a&#x304;b al-s&#x323;ibya&#x304;n].</marc:subfield>
</marc:datafield>
    <marc:datafield ind1=" " ind2=" " tag="260">
  <marc:subfield code="c">[between 1700 and 1799?]</marc:subfield>
</marc:datafield>
    <marc:datafield ind1=" " ind2=" " tag="300">
  <marc:subfield code="a">54 leaves :</marc:subfield>
  <marc:subfield code="b">paper ;</marc:subfield>
  <marc:subfield code="c">200 x 122 (180 x 77) mm bound to 195 x 120 mm.</marc:subfield>
</marc:datafield>
    <marc:datafield ind1=" " ind2=" " tag="500">
  <marc:subfield code="a">Title supplied by cataloger.</marc:subfield>
</marc:datafield>
    <marc:datafield ind1=" " ind2=" " tag="500">
  <marc:subfield code="a">Foliation: Modern foliation added in pencil, upper left recto; catchwords every verso, lower left.</marc:subfield>
</marc:datafield>
    <marc:datafield ind1=" " ind2=" " tag="500">
  <marc:subfield code="a">Layout: Written in eight staggered half lines.</marc:subfield>
</marc:datafield>
    <marc:datafield ind1=" " ind2=" " tag="500">
  <marc:subfield code="a">Script: Written in neat nasta&#x2BB;li&#x304;q in black ink; pointed.</marc:subfield>
</marc:datafield>
    <marc:datafield ind1=" " ind2=" " tag="500">
  <marc:subfield code="a">Decoration: Rubrications in red.</marc:subfield>
</marc:datafield>
    <marc:datafield ind1=" " ind2=" " tag="500">
  <marc:subfield code="a">Binding: Reddish brown leather over pasteboard (Type III); blind stamped central lobed mandorla with two pendants on the vertical axis; turn-ins are starting to come up.</marc:subfield>
</marc:datafield>
    <marc:datafield ind1=" " ind2=" " tag="500">
  <marc:subfield code="a">Origin: The item is not dated or signed; possibly produced in the 18th century.</marc:subfield>
</marc:datafield>
    <marc:datafield ind1=" " ind2=" " tag="520">
  <marc:subfield code="a">A versified Arabic-Persian glossary facilitating the study of Arabic language and prosody. Words are explained in the form of qi&#x1E6D;&#x2BB;ahs composed in various meters. This copy is missing a page between leaves 2 and 3</marc:subfield>
</marc:datafield>
    <marc:datafield ind1=" " ind2=" " tag="524">
  <marc:subfield code="a">CAJS Rar Ms 213</marc:subfield>
</marc:datafield>
    <marc:datafield ind1="1" ind2=" " tag="541">
  <marc:subfield code="a">Gift of Mayer Sulzberger to the library of the Dropsie College for Hebrew and Cognate Learning (note on library bookplate, inside front cover).</marc:subfield>
</marc:datafield>
    <marc:datafield ind1=" " ind2=" " tag="546">
  <marc:subfield code="a">Persian with some Arabic.</marc:subfield>
</marc:datafield>
    <marc:datafield ind1="1" ind2=" " tag="561">
  <marc:subfield code="a">Formerly owned by the Dropsie College for Hebrew and Cognate Learning (library bookplate inside front cover).</marc:subfield>
</marc:datafield>
    <marc:datafield ind1=" " ind2="0" tag="650">
  <marc:subfield code="a">Arabic language</marc:subfield>
  <marc:subfield code="v">Dictionaries</marc:subfield>
  <marc:subfield code="x">Persian</marc:subfield>
  <marc:subfield code="v">Early works to 1800.</marc:subfield>
</marc:datafield>
    <marc:datafield ind1=" " ind2="0" tag="650">
  <marc:subfield code="a">Arabic language</marc:subfield>
  <marc:subfield code="v">Glossaries, vocabularies, etc.</marc:subfield>
  <marc:subfield code="v">Early works to 1800.</marc:subfield>
</marc:datafield>
    <marc:datafield ind1=" " ind2="0" tag="650">
  <marc:subfield code="a">Arabic language</marc:subfield>
  <marc:subfield code="x">Versification</marc:subfield>
  <marc:subfield code="v">Early works to 1800.</marc:subfield>
</marc:datafield>
    <marc:datafield ind1=" " ind2="0" tag="655">
  <marc:subfield code="a">Manuscripts, Persian.</marc:subfield>
</marc:datafield>
    <marc:datafield ind1=" " ind2="0" tag="655">
  <marc:subfield code="a">Manuscripts, 18th century.</marc:subfield>
</marc:datafield>
    <marc:datafield ind1=" " ind2="7" tag="655">
  <marc:subfield code="a">Codices (bound manuscripts)</marc:subfield>
  <marc:subfield code="2">aat</marc:subfield>
</marc:datafield>
    <marc:datafield ind1="1" ind2=" " tag="700">
  <marc:subfield code="a">Sulzberger, Mayer,</marc:subfield>
  <marc:subfield code="d">1843-1923,</marc:subfield>
  <marc:subfield code="e">former owner.</marc:subfield>
</marc:datafield>
    <marc:datafield ind1="2" ind2=" " tag="710">
  <marc:subfield code="a">Dropsie College for Hebrew and Cognate Learning,</marc:subfield>
  <marc:subfield code="e">former owner.</marc:subfield>
</marc:datafield>
    <marc:datafield ind1=" " ind2=" " tag="852">
  <marc:subfield code="b">Library at the Herbert D. Katz Center for Advanced Judaic Studies</marc:subfield>
  <marc:subfield code="a">University of Pennsylvania</marc:subfield>
  <marc:subfield code="e">420 Walnut Street, Philadelphia, Pennsylvania 19106-3703</marc:subfield>
  <marc:subfield code="j">CAJS Rar Ms 213</marc:subfield>
</marc:datafield>
    <marc:datafield ind1="4" ind2="1" tag="856">
  <marc:subfield code="z">Digital facsimile in OPenn</marc:subfield>
  <marc:subfield code="u">http://openn.library.upenn.edu/Data/0002/html/kcajs_rar_ms_213.html</marc:subfield>
</marc:datafield>
    <marc:datafield ind1="1" ind2=" " tag="880">
  <marc:subfield code="6">100-01//r</marc:subfield>
  <marc:subfield code="a">&#x641;&#x631;&#x627;&#x647;&#x64A;&#x60C; &#x627;&#x628;&#x648; &#x646;&#x635;&#x631; &#x645;&#x62D;&#x645;&#x62F; &#x628;&#x62F;&#x631; &#x627;&#x644;&#x62F;&#x64A;&#x646;.</marc:subfield>
</marc:datafield>
    <marc:datafield ind1="1" ind2="0" tag="880">
  <marc:subfield code="6">245-02//r</marc:subfield>
  <marc:subfield code="a">[&#x646;&#x635;&#x627;&#x628; &#x627;&#x644;&#x635;&#x628;&#x64A;&#x627;&#x646;].</marc:subfield>
</marc:datafield>
    <marc:datafield ind1=" " ind2=" " tag="948">
  <marc:subfield code="h">HELD BY PAU - 1 OTHER HOLDINGS</marc:subfield>
</marc:datafield>
    <marc:datafield ind1=" " ind2=" " tag="994">
  <marc:subfield code="a">Z0</marc:subfield>
  <marc:subfield code="b">PAU</marc:subfield>
</marc:datafield>
    <marc:datafield ind1=" " ind2=" " tag="996">
  <marc:subfield code="a">hinge-right</marc:subfield>
</marc:datafield>
    <marc:holdings>
      <marc:holding>
        <marc:holding_id>22607626550003681</marc:holding_id>
        <marc:call_number>CAJS Rar Ms 213</marc:call_number>
        <marc:library>KatzLib</marc:library>
        <marc:location>cjsrarms</marc:location>
      </marc:holding>
    </marc:holdings>
  </marc:record>
</marc:records>
